%2 Radio Astronomy
@article{cheng2009radio,
  title				= {Radio Telescope Design},
  author			= {Cheng, Jingquan},
  journal			= {The Principles of Astronomical Telescope Design},
  year				= {2009},
  publisher			= {Springer New York}
}

@book{thompson2008interferometry,
  title				= {Interferometry and synthesis in radio astronomy},
  author			= {Thompson, A Richard and Moran, James M and Swenson Jr, George W},
  year				= {2008},
  publisher			= {John Wiley \& Sons}
}

@MISC{SKAsite,
  title 			= {The {SKA} Project},
  author        	= {{SKA}},
  note 				= "Accessed on: 21/02/2016",
  year 				= {2016},
  howpublished 		= "\url{http://www.ska.ac.za/about/project.php}",
}

@MISC{tasse2016tessellation,
  author        	= "Cyril Tasse",
  title				= "DDFacet imager",
  note          	= {Draft in preparation},
  year          	= {2016},
  howpublished  	= "TBD"
}

@article{smirnov2015radio,
  title				= {Radio interferometric gain calibration as a complex optimization problem},
  author			= {Smirnov, OM and Tasse, Cyril},
  journal			= {Monthly Notices of the Royal Astronomical Society},
  volume			= {449},
  number			= {3},
  pages				= {2668--2684},
  year				= {2015},
  publisher			= {Oxford University Press}
}

@article{sault1994multi,
  title				= {Multi-frequency synthesis techniques in radio interferometric imaging.},
  author			= {Sault, RJ and Wieringa, MH},
  journal			= {Astronomy and Astrophysics Supplement Series},
  volume			= {108},
  pages				= {585--594},
  year				= {1994}
}

@article{smirnov2011revisiting,
  title				= {Revisiting the radio interferometer measurement equation-I. A full-sky Jones formalism},
  author			= {Smirnov, Oleg M},
  journal			= {Astronomy \& Astrophysics},
  volume			= {527},
  pages				= {A106},
  year				= {2011},
  publisher			= {EDP Sciences}
}
%%%%%%%%%%%%%%%%%%%%%%%%%%%%%%%%%%%%%%%%%%%%%%%%%%%%%%%%%%%%%%%%%%%%%%%%%%%%%%%%%%%
%3 Models and Algorithms
@book{okabe2009spatial,
  title				= {Spatial tessellations: concepts and applications of Voronoi diagrams},
  author			= {Okabe, Atsuyuki and Boots, Barry and Sugihara, Kokichi and Chiu, Sung Nok},
  volume			= {501},
  year				= {2009},
  publisher 		= {John Wiley \& Sons}
}

@article{aurenhammer1987power,
  title				= {Power diagrams: properties, algorithms and applications},
  author			= {Aurenhammer, Franz},
  journal			= {SIAM Journal on Computing},
  volume			= {16},
  number			= {1},
  pages				= {78--96},
  year				= {1987},
  publisher			= {SIAM}
}

@article{green1978computing,
  title				= {Computing Dirichlet tessellations in the plane},
  author			= {Green, Peter J and Sibson, Robin},
  journal			= {The Computer Journal},
  volume			= {21},
  number			= {2},
  pages				= {168--173},
  year				= {1978},
  publisher			= {Br Computer Soc}
}

@inproceedings{shamos1975closest,
  title				= {Closest-point problems},
  author			= {Shamos, Michael Ian and Hoey, Dan},
  booktitle			= {Foundations of Computer Science, 1975., 16th Annual Symposium on},
  pages				= {151--162},
  year				= {1975},
  organization		= {IEEE}
}

@article{fortune1987sweepline,
  title				= {A sweepline algorithm for Voronoi diagrams},
  author			= {Fortune, Steven},
  journal			= {Algorithmica},
  volume			= {2},
  number			= {1-4},
  pages				= {153--174},
  year				= {1987},
  publisher			= {Springer-Verlag}
}

@article{tasse2014applying,
  title				= {Applying Wirtinger derivatives to the radio interferometry calibration problem},
  author			= {Tasse, Cyril},
  journal			= {arXiv preprint arXiv:1410.8706},
  year				= {2014}
}

@article{van2016lofar,
  title				= {LOFAR facet calibration},
  author			= {van Weeren, RJ and Williams, WL and Hardcastle, MJ and Shimwell, TW and Rafferty, DA and Sabater, J and Heald, G and Sridhar, SS and Dijkema, TJ and Brunetti, G and others},
  journal			= {arXiv preprint arXiv:1601.05422},
  year				= {2016}
}

@inproceedings{steinbach2000comparison,
  title				= {A comparison of document clustering techniques},
  author			= {Steinbach, Michael and Karypis, George and Kumar, Vipin and others},
  booktitle 		= {KDD workshop on text mining},
  volume 			= {400},
  number 			= {1},
  pages 			= {525--526},
  year     			= {2000},
  organization 		= {Boston}
}

@book{way2012advances,
  title				= {Advances in machine learning and data mining for astronomy},
  author			= {Way, Michael J and Scargle, Jeffrey D and Ali, Kamal M and Srivastava, Ashok N},
  year				= {2012},
  publisher			= {CRC Press}
}

@inproceedings{arthur2007k,
  title				= {k-means++: The advantages of careful seeding},
  author			= {Arthur, David and Vassilvitskii, Sergei},
  booktitle			= {Proceedings of the Eighteenth Annual ACM-SIAM Symposium on Discrete Algorithms},
  pages				= {1027--1035},
  year				= {2007},
  organization		= {Society for Industrial and Applied Mathematics}
}

@inproceedings{hamerly2010making,
  title={Making k-means even faster.},
  author={Hamerly, Greg},
  organization={SIAM}
}
%%%%%%%%%%%%%%%%%%%%%%%%%%%%%%%%%%%%%%%%%%%%%%%%%%%%%%%%%%%%%%%%%%%%%%%%%%%%%%%%%%%
%4 Parallelism and GPUs
@inproceedings{subhlok1993exploiting,
  title={Exploiting task and data parallelism on a multicomputer},
  author={Subhlok, Jaspal and Stichnoth, James M and O'hallaron, David R and Gross, Thomas},
  booktitle={ACM SIGPLAN Notices},
  volume={28},
  number={7},
  pages={13--22},
  year={1993},
  organization={ACM}
}

@article{moore2006cramming,
  title				= {Cramming more components onto integrated circuits, Reprinted from Electronics, volume 38, number 8, April 19, 1965, pp. 114 ff.},
  author			= {Moore, Gordon E},
  journal			= {IEEE Solid-State Circuits Newsletter},
  volume			= {3},
  number			= {20},
  pages				= {33--35},
  year				= {2006}
}

@book{rajan2013informatics,
  title				= {Informatics for materials science and engineering: data-driven discovery for accelerated experimentation and application},
  author			= {Rajan, Krishna},
  year		  		= {2013},
  publisher			= {Butterworth-Heinemann},
  pages				= {318--323},
}

@incollection{vuduc2013brief,
  title				= {A brief history and introduction to GPGPU},
  author			= {Vuduc, Richard and Choi, Jee},	
  booktitle			= {Modern Accelerator Technologies for Geographic Information Science},
  pages				= {9--23},
  year				= {2013},
  publisher			= {Springer}
}

@MISC{cuda_home,
  title				= {{CUDA}},
  author			= {NVIDIA},
  year				= {2016},
  note				= "Accessed on 26/05/2016",
  howpublished		= "\url{http://www.nvidia.com/object/cuda_home_new.html}",
}

@MISC{geforce_750,
  title 			= {{GeForce GTX 750 Ti}},
  author 			= {{NVIDIA}},
  year				= {2016},
  note	 	    	= "Accessed on: 26/04/2016",
  howpublished 		= "\url{http://www.geforce.com/hardware/desktop-gpus/geforce-gtx-750-ti}",
}

@MISC{g750_paper,
  title 			= {{GeForce GTX 750 Ti Whitepaper}},
  author 			= {{NVIDIA}},
  year				= {2014},
  note 	  	  		= "Accessed on: 26/04/2016",
  howpublished 		= "\url{http://international.download.nvidia.com/geforce-com/international/pdfs/GeForce-GTX-750-Ti-Whitepaper.pdf}",
}

@MISC{CUDA,
  title 			= {{CUDA C Programming Guide}},
  author 			= {{NVIDIA}},
  year				= {2015},
  note	 	    	= "Accessed on: 03/05/2016",
  howpublished 		= "\url{http://docs.nvidia.com/cuda/}",
}

@MISC{CUDA_lib,
  title 			= {{GPU-Accelerated Libraries}},
  author 			= {{NVIDIA}},
  year				= {2016},
  note	 	    	= "Accessed on: 22/05/2016",
  howpublished 		= "\url{https://developer.nvidia.com/gpu-accelerated-libraries}",
}

@inproceedings{rong2006jump,
  title				= {Jump flooding in GPU with applications to Voronoi diagram and distance transform},
  author			= {Rong, Guodong and Tan, Tiow-Seng},
  booktitle			= {Proceedings of the 2006 Symposium on Interactive 3D Graphics and Games},
  pages				= {109--116},
  year				= {2006},
  organization		= {ACM}
}
%%%%%%%%%%%%%%%%%%%%%%%%%%%%%%%%%%%%%%%%%%%%%%%%%%%%%%%%%%%%%%%%%%%%%%%%%%%%%%%%%%%